@book{book1,
author ="Ionut, Danaila and Pascal, Joly and Sidi, Mahmoud Kaber and Marie, Postel",
year="2006年 10月 13日",
title="《科学计算导论：用 MATLAB 解决的 12 个计算项目》",
publisher ="Springer"
}